@Comment{$ biblatex control file $}
<<<<<<< HEAD
@Comment{$ biblatex version 2.9 $}
=======
@Comment{$ biblatex version 2.6 $}
>>>>>>> 1f7e37103c8e08b9818c20979ecc5320b5c2953f
Do not modify this file!

This is an auxiliary file used by the 'biblatex' package.
This file may safely be deleted. It will be recreated as
required.

@Control{biblatex-control,
<<<<<<< HEAD
  options = {2.9:0:0:1:0:1:1:0:0:0:0:1:3:1:79:+:nty},
=======
  options = {2.6:0:0:1:0:0:1:1:0:0:0:0:1:1:3:1:79:+},
>>>>>>> 1f7e37103c8e08b9818c20979ecc5320b5c2953f
}
